@misc{qtwiki,
   author = "{Wikipedia contributors}",
   title = "Quantum teleportation --- {W}ikipedia{,} The Free Encyclopedia",
   url = "https://en.wikipedia.org/wiki/Quantum_teleportation",
   note = "[Online; accessed 21-May-2021]",
   howpublished = "\url{https://en.wikipedia.org/wiki/Quantum_teleportation}"
 }
 
@misc{superwiki,
   author = "{Wikipedia contributors}",
   title = "Superconductivity --- {W}ikipedia{,} The Free Encyclopedia",
   url = "https://en.wikipedia.org/wiki/Superconductivity",
   note = "[Online; accessed 21-May-2021]",
   howpublished = "\url{https://en.wikipedia.org/wiki/Superconductivity}"
 }

 @misc{superappwiki,
   author = "{Wikipedia contributors}",
   title = " Technological applications of superconductivity --- {W}ikipedia{,} The Free Encyclopedia",
   url = " https://en.wikipedia.org/wiki/Technological_applications_of_superconductivity",
   note = "[Online; accessed 21-May-2021]",
   howpublished = "\url{ https://en.wikipedia.org/wiki/Technological_applications_of_superconductivity}"
 }
 
 @article{hightempsuper,
  author  = {Department of Physics{,} University of Maryland}, 
  title   = {{H}igh-temperature superconductivity reveals its secret},
  year    = 2011,
  month   = 8,
  howpublished = "\url{https://umdphysics.umd.edu/component/content/article/77/535--high-temperature-}"
}

@inproceedings{twentyfiveyears,
author = {Philip W Anderson},
title = {Twenty-five Years of High-Temperature
Superconductivity â€“ A Personal Review
},
series = {J. Phys.: Conf. Ser. 449 012001},
year = {2013},
numpages = {11},
url = {https://iopscience.iop.org/article/10.1088/1742-6596/449/1/012001/pdf},
howpublished = "\url{https://iopscience.iop.org/article/10.1088/1742-6596/449/1/012001/pdf}"
}

@inproceedings{paramagnetism,
author = {Debanjan Bhowmik},
title = {Module 2A: Theory of paramagnetism},
numpages = {9},
url = {https://web.iitd.ac.in/~debanjan/Module2A-Paramagnetism.pdf},
howpublished = "\url{https://web.iitd.ac.in/~debanjan/Module2A-Paramagnetism.pdf}"
}

@inproceedings{qtapplications,
author = {Tao Liu},
title = {The Applications and Challenges of Quantum Teleportation},
series = {J. Phys.: Conf. Ser. 1634 012089},
year = {2020},
numpages = {7},
url = {https://iopscience.iop.org/article/10.1088/1742-6596/1634/1/012089/pdf},
howpublished = "\url{https://iopscience.iop.org/article/10.1088/1742-6596/1634/1/012089/pdf}"
}

@Comment{experimentalteleportation.pdf}
@article{teleexp,
 author = {Xiao-Min Hu{,} Chao Zhang{,} Bi-Heng Liu{,} Yu Cai{,} Xiang-Jun Ye{,} Yu Guo{,} Wen-Bo Xing{,} Cen-Xiao Huang{,} Yun-Feng Huang{,} Chuan-Feng Li and Guang-Can Guo},
 title = {Experimental High-Dimensional Quantum Teleportation},
 journal = {PHYSICAL REVIEW LETTERS 125, 230501 (2020)},
 month = Dec,
 year = {2020},
}

@Comment{experimentalteleportation2.pdf}
@article{quantument,
 author = {Manuel Erhard, Mario Krenn and Anton Zeilinger},
 title = {Advances in high-dimensional quantum entanglement},
 month = July,
 year = {2020},
}

@Comment{superconductivity_recentadvances.pdf}
@article{recentadvancessuper,
 author = {Jie Yuan{,} Valentin Stanev{,} Chen Gao{,} Ichiro Takeuchi and Kui Jin},
 title = {Recent advances in high-throughput superconductivity research},
}

@Comment{superconductivity_semiconductors.pdf}
@article{supersemi,
 author = {E. Bustarret},
 title = {Superconductivity in doped semiconductors},
 journal = {Physica C (2015)},
 year = {2015},
 doi = {http://dx.doi.org/10.1016/j.physc.2015.02.021},
}

@Comment{Tc.pdf}
@article{tc,
 author = {Theodore H. Geballe, Robert H. Hammond, Phillip M. Wu},
 title = {What T$_{c}$ tells},
 journal = {Physica C (2015)},
 volume = {15},
 month = Mar,
 year = {2015},
}

@online{telecode,
author ={Qiskit},
year = {2001},
title ={Quantum Teleportation},
url ={https://qiskit.org/textbook/ch-algorithms/teleportation.html##2.-The-Quantum-Teleportation-Protocol-},
howpublished = "\url{https://qiskit.org/textbook/ch-algorithms/teleportation.html##2.-The-Quantum-Teleportation-Protocol-}",
lastaccessed ={May 21, 2021},
}